@book{duderstadt1976nuclear,
  title={Nuclear Reactor Analysis},
  author={Duderstadt, James J. and Hamilton, Louis J.},
  year={1976},
  publisher={Wiley}
}

@book{hetrick1971dynamics,
  title={Dynamics of Nuclear Reactors},
  author={Hetrick, D. L.},
  publisher = {University of Chicago Press},
  year={1971}
}

@BOOK{stacey,
	title     = {Nuclear Reactor Physics},
	author    = {Stacey, W. M.},
  	year      = {2007},
	publisher = {Wiley},
}

@book{marchuk1986numerical,
  title={Numerical Methods in the Theory of Neutron Transport},
  author={Marchuk, G. I. and Lebedev, V. I.},
  year={1986},
  publisher={Harwood Academic Pub.}
}

@book{lewis1993computational,
  title={Computational Methods of Neutron Transport},
  author={Lewis, E. E. and Miller, W. F.},
  year={1993},
  publisher={American Nuclear Society}
}

@article{sutton1996diffusion,
  title={Diffusion theory methods for spatial kinetics calculations},
  author={Sutton, T. M. and Aviles, B. N.},
  journal={Progress in Nuclear Energy},
  volume={30},
  number={2},
  pages={119--182},
  year={1996},
  publisher={Elsevier}
}

@article{cho2005fundamentals,
  title={Fundamentals and recent developments of reactor physics methods},
  author={Cho, Nam Zin},
  journal={Nuclear Engineering and Technology},
  volume={37},
  number={1},
  pages={25--78},
  year={2005},
  publisher={Korean Nuclear Society}
}

@article{sanchez2009assembly,
  title={Assembly homogenization techniques for core calculations},
  author={Sanchez, R.},
  journal={Progress in Nuclear Energy},
  volume={51},
  number={1},
  pages={14--31},
  year={2009},
  publisher={Elsevier}
}

@article{dugan2016cross,
  title={Cross-Section Homogenization for Reactivity-Induced Transient Calculations},
  author={Dugan, K. and Zmijarevic, I. and Sanchez, R.},
  journal={Journal of Computational and Theoretical Transport},
  volume = {45},
  number = {6},
  pages = {425-441},
  year = {2016},
}

@article{grossman2007nodal,
  title={Nodal diffusion methods for space-time neutron kinetics},
  author={Grossman, Lawrence M. and Hennart, Jean-Pierre},
  journal={Progress in Nuclear Energy},
  volume={49},
  number={3},
  pages={181--216},
  year={2007},
  publisher={Elsevier}
}

@phdthesis{smith1979analytic,
  title={An analytic nodal method for solving the two-group, multidimensional, static and transient neutron diffusion equations},
  author={Smith, K. S.},
  year={1979},
  school={Massachusetts Institute of Technology}
}


@article{lawrence1986progress,
  title={Progress in nodal methods for the solution of the neutron diffusion and transport equations},
  author={Lawrence, R. D.},
  journal={Progress in Nuclear Energy},
  volume={17},
  number={3},
  pages={271--301},
  year={1986},
  publisher={Elsevier}
}

@article{vidal2014solution,
  title={Solution of the Lambda modes problem of a nuclear power reactor using an h--p finite element method},
  author={Vidal-Ferrandiz, A and Fayez, R and Ginestar, D and Verd{\'u}, G},
  journal={Annals of Nuclear Energy},
  volume={72},
  pages={338--349},
  year={2014},
  publisher={Elsevier}
}

@article{avvakumov2017spectral,
  title={Spectral properties of dynamic processes in a nuclear reactor},
  author={Avvakumov, Alexander V. and Strizhov, Valery F. and Vabishchevich, Petr N. and Vasilev, Alexander O.},
  journal={Annals of Nuclear Energy},
  volume={99},
  pages={68--79},
  year={2017},
  publisher={Elsevier}
}

@BOOK{Ascher2008,
        Author       = {Ascher, U. M.},
        Publisher    = {Society for Industrial Mathematics},
        Title        = {Numerical Methods for Evolutionary Differential Equations},
        Year         = {2008},
}

@BOOK{LeVeque2007,
        Author       = {LeVeque, R. J.},
        Publisher    = {Society for Industrial Mathematics},
        Title        = {Finite Difference Methods for Ordinary and Partial Differential Equations: Steady-State and Time-Dependent Problems},
        Year         = {2007},
}

@BOOK{HundsdorferVerwer2003,
        Author       = {Hundsdorfer, W. H. and Verwer, J. G.},
        Publisher    = {Springer Verlag},
        Title        = {Numerical Solution of Time-Dependent Advection-Diffusion-Reaction Equations},
        Year         = {2003},
}

@book{HairerWanner2010,
  title={{Solving Ordinary Differential Equations II: Stiff and Differential-Algebraic Problems}},
  author={Hairer, E. and Wanner, G.},
  isbn={3642052207},
  year={2010},
  publisher={Springer Verlag}
}

@book{Butcher2008,
  title={{Numerical Methods for Ordinary Differential Equations}},
  author={Butcher, J. C.},
  isbn={0470723351},
  year={2008},
  publisher={Wiley}
}

@book{Bell1970,
   title =     {Nuclear Reactor Theory},
   author =    {Bell, G. I. and Glasstone, S.},
   publisher = {Van Nostrand Reinhold Company},
   year =      {1970},
}
 

@book{luikov2012analytical,
  title={Analytical Heat Diffusion Theory},
  author={Luikov, A.},
  year={1968},
  publisher={Academic Press}
}

@book{samarskii1996computational,
  title={Computational Heat Transfer},
  author={Samarskii, A. A. and Vabishchevich, P. N.},
  year={1996},
  publisher={Wiley}
}

@ARTICLE{nd-mm,  
    author={Avvakumov, A. V. and Vabishchevich, P. N. and Vasilev, A. O. and Strizhov, V. F.},
    title        = {Numerical modelling neutron diffusion unsteady problems},
    journal      = {Mathematical Models and Computer Simulations},
    year         = {2016},
    note         = {~(submitted)},
}

@book{Vabishchevich2014,
	author = {Vabishchevich, P. N.},
	publisher = {de Gruyter},
	title = {{Additive Operator-Difference Schemes: Splitting Schemes}},
	year = {2014}
}

@BOOK{ToselliWidlund2005,
        Author       = {Toselli, Andrea and Widlund, Olof},
        Publisher    = {Springer},
        Title        = {Domain Decomposition Methods -- Algorithms and Theory},
        Year         = {2005},
}

@BOOK{Saad2003,
        Author       = {Saad, Y.},
        Publisher    = {Society for Industrial Mathematics},
        Title        = {Iterative Methods for Sparse Linear Systems},
        Year         = {2003},
}

@article{guerin2010domain,
  title={Domain decomposition methods for the neutron diffusion problem},
  author={Gu{\'e}rin, Pierre and Baudron, Anne-Marie and Lautard, Jean-Jacques},
  journal={Mathematics and Computers in Simulation},
  volume={80},
  number={11},
  pages={2159--2167},
  year={2010},
  publisher={Elsevier}
}

@incollection{maday2005parareal,
  title={The parareal in time iterative solver: a further direction to parallel implementation},
  author={Maday, Yvon and Turinici, Gabriel},
  booktitle={Domain Decomposition Methods in Science and Engineering},
  pages={441--448},
  year={2005},
  publisher={Springer}
}

@article{baudron2014parareal,
  title={Parareal in time {3D} numerical solver for the {LWR} Benchmark neutron diffusion transient model},
  author={Baudron, Anne-Marie and Lautard, Jean-Jacques and Maday, Yvon and Riahi, Mohamed Kamel and Salomon, Julien},
  journal={Journal of Computational Physics},
  volume={279},
  pages={67--79},
  year={2014},
  publisher={Elsevier}
}

@article{chou1990three,
  title={A three-dimensional space-time model and its use in pressurized water reactor rod ejection analyses},
  author={Chou, H. P. and Lu, J. R. and Chang, M. B.},
  journal={Nuclear Technology},
  volume={90},
  number={2},
  pages={142--154},
  year={1990},
  publisher={American Nuclear Society}
}

@article{dahmani20013d,
  title={A {3D} nodal mixed dual method for nuclear reactor kinetics with improved quasistatic model and a semi-implicit scheme to solve the precursor equations},
  author={Dahmani, M. and Baudron, A. M. and Lautard, J. J. and Erradi, L.},
  journal={Annals of Nuclear Energy},
  volume={28},
  number={8},
  pages={805--824},
  year={2001},
  publisher={Elsevier}
}

@article{dodds1976accuracy,
  title={Accuracy of the quasistatic method for two-dimensional thermal reactor transients with feedback},
  author={Dodds Jr, H. L.},
  journal={Nuclear Science and Engineering},
  volume={59},
  number={3},
  pages={271--276},
  year={1976},
  publisher={American Nuclear Society}
}

@article{goluoglu2001time,
  title={A time-dependent, three-dimensional neutron transport methodology},
  author={Goluoglu, S. and Dodds, H. L.},
  journal={Nuclear science and engineering},
  volume={139},
  number={3},
  pages={248--261},
  year={2001},
  publisher={American Nuclear Society}
}

@book{stacey1967modal,
  title={Modal Approximations: Theory and an Application to Reactor Physics},
  author={Stacey, Weston M.},
  year={1967},
  publisher={The MIT Press}
}

@book{stacey1969space,
  title={Space-Time Nuclear Reactor Kinetics},
  author={Stacey, Weston M.},
  year={1969},
  publisher={Academic Press}
}

@article{stewart1976spectral,
  title={Spectral theory of heterogeneous diffusion systems},
  author={Stewart, H. Bruce},
  journal={Journal of Mathematical Analysis and Applications},
  volume={54},
  number={1},
  pages={59--78},
  year={1976},
  publisher={Elsevier}
}

@article{verdu1998modal,
  title={Modal decomposition method for {BWR} stability analysis},
  author={Verd{\'u}, G and Ginestar, D and Vidal, V and Mir{\'o}, R},
  journal={Journal of Nuclear Science and Technology},
  volume={35},
  number={8},
  pages={538--546},
  year={1998},
  publisher={Atomic Energy Society of Japan}
}

@article{miro2002nodal,
  title={A nodal modal method for the neutron diffusion equation. Application to {BWR} instabilities analysis},
  author={Mir{\'o}, Rafael and Ginestar, Dami{\'a}n and Verd{\'u}, Gumersindo and Hennig, Dieter},
  journal={Annals of Nuclear Energy},
  volume={29},
  number={10},
  pages={1171--1194},
  year={2002},
  publisher={Elsevier}
}

@article{gonzalez2009high,
  title={High order finite element method for the lambda modes problem on hexagonal geometry},
  author={Gonz{\'a}lez-Pintor, S. and Ginestar, D. and Verd{\'u}, G.},
  journal={Annals of Nuclear Energy},
  volume={36},
  number={9},
  pages={1450--1462},
  year={2009},
  publisher={Elsevier}
}

@article{ginestar2002transient,
  title={A transient modal analysis of a {BWR} instability event},
  author={Ginestar, Damian and Miro, Rafael and Verdu, Gumersindo and Hennig, Dieter},
  journal={Journal of Nuclear Science and Technology},
  volume={39},
  number={5},
  pages={554--563},
  year={2002},
  publisher={Taylor \& Francis}
}

@article{verdu20103d,
  title={{3D} alpha modes of a nuclear power reactor},
  author={Verdu, Gumersindo and Ginestar, Damian and Roman, Jose and Vidal, Vicente},
  journal={Journal of Nuclear Science and Technology},
  volume={47},
  number={5},
  pages={501--514},
  year={2010},
  publisher={Taylor \& Francis}
}

@article{verdu2014modal,
  title={Modal decomposition method for {BWR} stability analysis using {A}lpha-modes},
  author={Verd{\'u}, G and Ginestar, D},
  journal={Annals of Nuclear Energy},
  volume={67},
  pages={31--40},
  year={2014},
  publisher={Elsevier}
}

@article{modak2007scheme,
  title={A scheme for the evaluation of dominant time-eigenvalues of a nuclear reactor},
  author={Modak, RS and Gupta, Anurag},
  journal={Annals of Nuclear Energy},
  volume={34},
  number={3},
  pages={213--221},
  year={2007},
  publisher={Elsevier}
}

@article{dulla2008quasi,
  title={The quasi-static method revisited},
  author={Dulla, Sandra and Mund, Ernest H and Ravetto, Piero},
  journal={Progress in Nuclear Energy},
  volume={50},
  number={8},
  pages={908--920},
  year={2008},
  publisher={Elsevier}
}

@BOOK{Samarskiibook,
        Author       = {Samarskii, A. A.},
        Address      = {New York},
        Publisher    = {Marcel Dekker},
        Title        = {The Theory of Difference Schemes},
        Year         = {2001},
}

@book{Gear1971,
  title={{Numerical Initial Value Problems in Ordinary Differential Equations}},
  author={Gear, C. W.},
   address      = {NJ},
   year={1971},
  publisher={Prentice Hall}
}

@book{Laub2005,
   title =     {Matrix Analysis for Scientists and Engineers},
   author =    {Laub, Alan J.},
   publisher = {Society for Industrial and Applied Mathematics},
   year =      {2005},
}

@book{Ortega1987,
   title =     {Matrix Theory: A Second Course},
   author =    {Ortega, James M.},
   publisher = {Springer},
   year =      {1987},
}

@book{henry1975nuclear,
  title={Nuclear-Reactor Analysis},
  author={Henry, Allan F.},
  year={1975},
  publisher={MIT press}
}

@book{brezinski1991biorthogonality,
  title={Biorthogonality and Its Applications to Numerical Analysis},
  author={Brezinski, Claude},
  year={1991},
  publisher={CRC Press}
}

@book{LSPk1996,
   title =     {Numerical Methods for Least Squares Problems},
   author =    {Bjõrck, Ake},
   publisher = {Society for Industrial and Applied Mathematics},
   year =      {1996},
}

@book{quarteroni,
	title     = {Numerical Approximation of Partial Differential Equations},
	author    = {Quarteroni, A. and Valli, A.},
	year      = {2008},
	publisher = {Springer},
}
@book{brenner,
	title     = {The Mathematical Theory of Finite Element Methods},
	author    = {Brenner, S. C. and Scott, R.},
	year      = {2008},
	publisher = {Springer},
}

@book{Saadbook,
   title =     {Numerical Methods for Large Eigenvalue Problems},
   author =    {Saad, Y.},
   publisher = {SIAM},
   year =      {2011},
}

@article{hernandez2005slepc,
  title={{SLEPc: A} scalable and flexible toolkit for the solution of eigenvalue problems},
  author={Hernandez, V. and Roman, J. E. and Vidal, V.},
  journal={ACM Transactions on Mathematical Software (TOMS)},
  volume={31},
  number={3},
  pages={351--362},
  year={2005},
  publisher={ACM}
}

@INPROCEEDINGS{hernandez2003resolution, 
  author={Hernandez, V. and Roman, J. E. and Vidal, V. and Verdu, G. and Ginestar, D.},
  title={{Resolution of the neutron diffusion equation with SLEPc, the Scalable Library for Eigenvalue Problem Computations}},
    booktitle    = {Nuclear Mathematical and Computational Sciences: A Century in Review, A Century Anew
Gatlinburg},
    year         = {2003},
    pages 	= {1--10},
    publisher    = {American Nuclear Society},
}

@article{stewart2002krylov,
  title={A {Krylov--Schur} algorithm for large eigenproblems},
  author={Stewart, G. W.},
  journal={SIAM Journal on Matrix Analysis and Applications},
  volume={23},
  number={3},
  pages={601--614},
  year={2001},
  publisher={SIAM}
}

@article{chao,
	title   = {Conformal mapping and hexagonal nodal methods-{II}: Implementation in the {ANC-H Code}.},
	author  = {Chao, Y. A. and Shatilla, Y. A.},
	journal = {Nuclear Science and Engineering},
	year    = {1995},
	volume  = {121},
	pages   = {210--225},
}


@ARTICLE{VabishchevichSM, 
    author       = {Vabishchevich, P. N.},
    title        = {{SM}-stability of operator-difference schemes},
    journal      = {Computational Mathematics and Mathematical Physics},
    year         = {2012},
    volume       = {52},
    number       = {6},
    pages        = {887--894},
}

