@book{fenics,
	title     = {Automated Solution of Differential Equations by the Finite Element Method: The FEniCS Book},
	author    = {Logg, A. and Mardal, K.A. and Wells, G.},
	isbn      = {9783642230998},
	series    = {Lecture Notes in Computational Science and Engineering},
	url       = {http://books.google.ru/books?id=ASWN\_VRr1NQC},
	year      = {2012},
	publisher = {Springer},
}
@MANUAL{gmsh,
	title  = {Gmsh Reference Manual},
	author = {Geuzaine, C. and Remacle, J.F.},
	year   = {2014},
}
@MANUAL{slepc,
	title  = {SLEPc Users Manual},	
	author = {Campos, C. and Roman, J.E. and Romero, E. and Tomas, A.},
	year   = {2013},
}
@BOOK{klimov,
	title     = {Ядерная физика и ядерные реакторы},
	author    = {Климов, А.Н.},
	lccn      = {72306637},
	url       = {http://books.google.ru/books?id=Rv9dHQAACAAJ},
	year      = {1971},
	publisher = {Атомиздат},
	language  = {russian},
}
@BOOK{marchuk,
	title     = {Численные методы в теории переноса нейтронов},
	author    = {Марчук, Г.И. and Лебедев, В.И.},
	url       = {http://books.google.ru/books?id=FOz7ngEACAAJ},
	year      = {1981},
	language  = {russian},
	publisher = {Атомиздат},
}
@BOOK{ganev,
	title     = {Физика и расчет реактора},
	author    = {Ганев, И.Х. and Доллежаль, Н.А.},
	lccn      = {82234662},
	url       = {http://books.google.ru/books?id=131gHAAACAAJ},
	year      = {1981},
	language  = {russian},
	publisher = {Энергоиздат},
}
@BOOK{stacey,
	title     = {Nuclear Reactor Physics},
	author    = {Stacey, W.M.},
	isbn      = {9783527406791},
	lccn      = {2007280711},
	url       = {http://books.google.ru/books?id=y1UgcgVSXSkC},
	year      = {2007},
	publisher = {John Wiley \& Sons},
}
@book{quarteroni,
	title     = {Numerical Approximation of Partial Differential Equations},
	author    = {Quarteroni, A. and Valli, A.},
	isbn      = {9783540852674},
	series    = {Springer Series in Computational Mathematics},
	url       = {http://books.google.ru/books?id=j7WmQ1yFjkAC},
	year      = {2008},
	publisher = {Springer},
}
@book{brenner,
	title     = {The Mathematical Theory of Finite Element Methods},
	author    = {Brenner, S.C. and Scott, R.},
	isbn      = {9780387759333},
	lccn      = {2007939977},
	series    = {Texts in Applied Mathematics},
	url       = {http://books.google.ru/books?id=ci4c\_R0WKYYC},
	year      = {2008},
	publisher = {Springer},
}
@article{chao,
	title   = {Conformal mapping and hexagonal nodal methods-II: Implementation in the ANC-H Code.},
	author  = {Chao, Y.A. and Shatilla, Y.A.},
	journal = {Nuclear Science and Engineering},
	year    = {1995},
	volume  = {121},
	pages   = {210--225},
}
@article{hebert,
	title   = {Application of a dual variational formulation to finite element reactor calculations.},
	author  = {Hebert, A.},
	journal = {Annals of Nuclear Energy},
	year    = {1993},
	volume  = {20},
	pages   = {823--845},
}
@BOOKLET{gonzalez,
	title   = {Approximation of the Neutron Diffusion Equation on Hexagonal Geometries.},	
	author  = {Gonzalez-Pintor, S. and Verdu, G. and Ginestar, D.},	
	address = {New York},
	year    = {2009},
}
@book{kressner,
	title     = {Numerical Methods for General and Structured Eigenvalue Problems},
	author    = {Kressner, D.},
	isbn      = {9783540285021},
	series    = {Lecture Notes in Computational Science and Engineering},
	url       = {http://books.google.ru/books?id=j7kTw0wP8eIC},
	year      = {2006},
	publisher = {Springer}
}
@BOOK{zizin,
	title     = {Тестовые нейтронно-физические расчёты ядерных реакторов},
	author    = {Зизин М.Н., Шишков Л.К., Ярославцева Л.Н.},
	year      = {1980},
	publisher = {Атомиздат},
	language  = {russian},
}