
@book{SamarskiiMatusVabischevich2002,
    title       = {Difference Schemes with Operator Factors},
    author      = {Samarskii, A. A. and Matus, P. P. and Vabishchevich, P. N.},
    publisher   = {Kluwer},
    year        = {2002},
}

@book{Gear1971,
    title       = {Numerical initial value problems in ordinary differential equations},
    author      = {Gear, C. W.},
    address     = {New York},
    publisher   = {Prentice Hall},
    year        = {1971},
}

@book{ascher1998computer,
    title       = {Computer methods for ordinary differential equations and differential-algebraic equations},
    author      = {Ascher, U. M.},
    publisher   = {Society for Industrial Mathematics},
    year        = {1998},
}

@book{HairerNorsettWanner1987,
    title       = {Solving ordinary differential equations. I. Nonstiff problems},
    author      = {Hairer, E. and Norsett, S. and Wanner, G.},
    address     = {Berlin},
    year        = {1987},
    publisher   = {Springer},
}

@article{vabishchevich2015priori,
    title       = {A priori estimation of a time step for numerically solving parabolic problems},
    author      = {Vabishchevich, P. N.},
    journal     = {Mathematical Modelling and Analysis},
    volume      = {20},
    number      = {1},
    pages       = {94--111},
    year        = {2015},
    publisher   = {Taylor \& Francis}
}

@incollection{vabishchevich2015time,
    title       = {Time Step for Numerically Solving Parabolic Problems},
    author      = {Vabishchevich, P. N.},
    booktitle   = {Finite Difference Methods, Theory and Applications},
    pages       = {96--103},
    year        = {2015},
    publisher   = {Springer}
}  