@book{duderstadt1976nuclear,
  title={Nuclear Reactor Analysis},
  author={Duderstadt, James J and Hamilton, Louis J.},
  year={1976},
  publisher={Wiley}
}

@book{hetrick1971dynamics,
  title={Dynamics of Nuclear Reactors},
  author={Hetrick, D. L.},
  publisher = {University of Chicago Press},
  year={1971}
}

@BOOK{stacey,
	title     = {Nuclear Reactor Physics},
	author    = {Stacey, W. M.},
  	year      = {2007},
	publisher = {Wiley},
}


@book{marchuk1986numerical,
  title={Numerical Methods in the Theory of Neutron Transport},
  author={Marchuk, G. I. and Lebedev, V. I.},
  year={1986},
  publisher={Harwood Academic Pub.}
}

@book{lewis1993computational,
  title={Computational Methods of Neutron Transport},
  author={Lewis, E. E. and Miller, W. F.},
  year={1993},
  publisher={American Nuclear Society}
}

@article{sutton1996diffusion,
  title={Diffusion theory methods for spatial kinetics calculations},
  author={Sutton, T. M. and Aviles, B. N.},
  journal={Progress in Nuclear Energy},
  volume={30},
  number={2},
  pages={119--182},
  year={1996},
  publisher={Elsevier}
}

@article{cho2005fundamentals,
  title={Fundamentals and recent developments of reactor physics methods},
  author={Cho, Nam Zin},
  journal={Nuclear Engineering and Technology},
  volume={37},
  number={1},
  pages={25--78},
  year={2005},
  publisher={Korean Nuclear Society}
}


@BOOK{Ascher2008,
        Author       = {Ascher, U. M.},
        Publisher    = {Society for Industrial Mathematics},
        Title        = {Numerical Methods for Evolutionary Differential Equations},
        Year         = {2008},
}

@BOOK{LeVeque2007,
        Author       = {LeVeque, R. J.},
        Publisher    = {Society for Industrial Mathematics},
        Title        = {Finite Difference Methods for Ordinary and Partial Differential Equations. Steady-State and Time-Dependent Problems},
        Year         = {2007},
}

@BOOK{HundsdorferVerwer2003,
        Author       = {Hundsdorfer, W. H. and Verwer, J. G.},
        Publisher    = {Springer Verlag},
        Title        = {Numerical Solution of Time-dependent Advection-diffusion-reaction Equations},
        Year         = {2003},
}

@book{HairerWanner2010,
  title={{Solving Ordinary Differential Equations II: Stiff and Differential-Algebraic Problems}},
  author={Hairer, E. and Wanner, G.},
  year={2010},
  publisher={Springer Verlag}
}

@book{Butcher2008,
  title={{Numerical Methods for Ordinary Differential Equations}},
  author={Butcher, J. C.},
  year={2008},
  publisher={Wiley}
}


@article{chou1990three,
  title={A three-dimensional space-time model and its use in pressurized water reactor rod ejection analyses},
  author={Chou, H. P. and Lu, J. R. and Chang, M. B.},
  journal={Nuclear Technology},
  volume={90},
  number={2},
  pages={142--154},
  year={1990},
  publisher={American Nuclear Society}
}

@article{dahmani20013d,
  title={A {3D} nodal mixed dual method for nuclear reactor kinetics with improved quasistatic model and a semi-implicit scheme to solve the precursor equations},
  author={Dahmani, M. and Baudron, A. M. and Lautard, J. J. and Erradi, L.},
  journal={Annals of Nuclear Energy},
  volume={28},
  number={8},
  pages={805--824},
  year={2001},
  publisher={Elsevier}
}

@article{dodds1976accuracy,
  title={Accuracy of the quasistatic method for two-dimensional thermal reactor transients with feedback},
  author={Dodds Jr, H. L.},
  journal={Nuclear Science and Engineering},
  volume={59},
  number={3},
  pages={271--276},
  year={1976},
  publisher={American Nuclear Society}
}

@article{goluoglu2001time,
  title={A time-dependent, three-dimensional neutron transport methodology},
  author={Goluoglu, S. and Dodds, H. L.},
  journal={Nuclear Science and Engineering},
  volume={139},
  number={3},
  pages={248--261},
  year={2001},
  publisher={American Nuclear Society}
}

@book{Bell1970,
   title =     {Nuclear Reactor Theory},
   author =    {Bell, G. I. and Glasstone, S.},
   publisher = {Van Nostrand Reinhold Company},
   year =      {1970},
}
 

@book{luikov2012analytical,
  title={Analytical Heat Diffusion Theory},
  author={Luikov, A.},
  year={1968},
  publisher={Academic Press}
}

@book{samarskii1996computational,
  title={Computational Heat Transfer},
  author={Samarskii, A. A. and Vabishchevich, P. N.},
  year={1996},
  publisher={Wiley}
}

@inproceedings{habetler1961existence,
  title={Existence theorems and spectral theory for the multigroup diffusion model},
  author={Habetler, G. J. and Martino, M. A.},
  booktitle={Nuclear Reactor Theory, Proceedings of Symposia in Applied Mathematics},
  pages={127--139},
  volume={11},
  year={1961}
}

@book{bookEvans,
   title =     {Partial Differential Equations},
   author =    {Evans, L. C.},
   publisher = {American Mathematical Society},
   year =      {1998},
}

@article{chao,
	title   = {Conformal mapping and hexagonal nodal methods-{II}: Implementation in the {ANC-H Code}.},
	author  = {Chao, Y. A. and Shatilla, Y. A.},
	journal = {Nuclear Science and Engineering},
	year    = {1995},
	volume  = {121},
	pages   = {210--225},
}

@book{quarteroni,
	title     = {{Numerical Approximation of Partial Differential Equations}},
	author    = {Quarteroni, A. and Valli, A.},
	year      = {2008},
	publisher = {Springer},
}
@book{brenner,
	title     = {{The Mathematical Theory of Finite Element Methods}},
	author    = {Brenner, S. C. and Scott, R.},
	year      = {2008},
	publisher = {Springer},
}

@book{fenics,
	title     = {Automated Solution of Differential Equations by the Finite Element Method: The FEniCS Book},
	author    = {Logg, A. and Mardal, K. A. and Wells, G.},
	year      = {2012},
	publisher = {Springer},
}


@article{hernandez2005slepc,
  title={{SLEPc: A} scalable and flexible toolkit for the solution of eigenvalue problems},
  author={Hernandez, V. and Roman, J. E. and Vidal, V.},
  journal={ACM Transactions on Mathematical Software (TOMS)},
  volume={31},
  number={3},
  pages={351--362},
  year={2005},
  publisher={ACM}
}

@INPROCEEDINGS{hernandez2003resolution, 
  author={Hernandez, V. and Roman, J. E. and Vidal, V. and Verdu, G. and Ginestar, D.},
  title={Resolution of the neutron diffusion equation with SLEPc, the Scalable Library for Eigenvalue Problem Computations},
    booktitle    = {Nuclear Mathematical and Computational Sciences: A Century in Review, A Century Anew
Gatlinburg},
    year         = {2003},
    publisher    = {American Nuclear Society},
}

@article{vidal2014solution,
  title={Solution of the Lambda modes problem of a nuclear power reactor using an h--p finite element method},
  author={Vidal-Ferrandiz, A. and Fayez, R. and Ginestar, D. and Verd{\'u}, G.},
  journal={Annals of Nuclear Energy},
  volume={72},
  pages={338--349},
  year={2014},
  publisher={Elsevier}
}

@article{verdu20103d,
  title={{3D} alpha modes of a nuclear power reactor},
  author={Verdu, G. and Ginestar, D. and Roman, J. and Vidal, V.},
  journal={Journal of Nuclear Science and Technology},
  volume={47},
  number={5},
  pages={501--514},
  year={2010},
  publisher={Taylor \& Francis}
}

@article{modak2007scheme,
  title={A scheme for the evaluation of dominant time-eigenvalues of a nuclear reactor},
  author={Modak, R. S. and Gupta, A.},
  journal={Annals of Nuclear Energy},
  volume={34},
  number={3},
  pages={213--221},
  year={2007},
  publisher={Elsevier}
}

@book{Hogben,
   title =     {Handbook of Linear Algebra},
   editor =    {Hogben, L.},
   publisher = {CRC},
   year =      {2013},
   edition =   {2},
}

@BOOK{Samarskiibook,
        Author       = {Samarskii, A. A.},
        Address      = {New York},
        Publisher    = {Marcel Dekker},
        Title        = {The Theory of Difference Schemes},
        Year         = {2001},
}

@BOOK{SamarskiiMatusVabischevich2002,
        Author       = {Samarskii, A. A. and Matus, P. P. and Vabishchevich, P. N.},
        Publisher    = {Kluwer},
        Title        = {Difference Schemes with Operator Factors},
        Year         = {2002},
}

@book{Golubbook,
   title =     {Matrix Computations},
   author =    { Golub, G. H. and Van Loan, C. F.},
   publisher = {Johns Hopkins University Press},
   year =      {2012},
   edition =   {4},
}

@book{Saadbook,
   title =     {Numerical Methods for Large Eigenvalue Problems  },
   author =    {Saad, Y.},
   publisher = {SIAM},
   year =      {2011},
   edition =   {2},
}

@book{SamarskiiGulin1973,
        Author       = {Самарский, А. А. and Гулин, А. В.},
        Address      = {Москва},
        Publisher    = {Наука},
        Title        = {Устойчивость разностных схем},
        Year         = {1973},
    Language       = {russian},
}

@book{Gear1971,
  title={{Numerical Initial Value Problems in Ordinary Differential Equations}},
  author={Gear, C. W.},
   address      = {NJ},
   year={1971},
  publisher={Prentice Hall}
}

@phdthesis{smith1979analytic,
  title={An analytic nodal method for solving the two-group, multidimensional, static and transient neutron diffusion equations},
  author={Smith, K. S.},
  year={1979},
  school={Massachusetts Institute of Technology}
}

@article{lawrence1986progress,
  title={Progress in nodal methods for the solution of the neutron diffusion and transport equations},
  author={Lawrence, R. D.},
  journal={Progress in Nuclear Energy},
  volume={17},
  number={3},
  pages={271--301},
  year={1986},
  publisher={Elsevier}
}

@article{grossman2007nodal,
  title={Nodal diffusion methods for space-time neutron kinetics},
  author={Grossman, L. M. and Hennart, J.-P.},
  journal={Progress in Nuclear Energy},
  volume={49},
  number={3},
  pages={181--216},
  year={2007},
  publisher={Elsevier}
}

@BOOK{HagemanYoung1981,
        Author       = {Hageman, L. A. and Young, D. M.},
        Address      = {New York},
        Publisher    = {Academic Press},
        Title        = {Applied Iterative Methods},
        Year         = {1981},
}

@BOOK{Saad2003,
        Author       = {Saad, Y.},
        Publisher    = {Society for Industrial Mathematics},
        Title        = {Iterative methods for sparse linear systems},
        Year         = {2003},
}

@MANUAL{slepc,
	title  = {SLEPc Users Manual},	
	author = {Campos, C. and Roman, J.E. and Romero, E. and Tomas, A.},
	year   = {2013},
}
