@book{duderstadt1976nuclear,
  title={Nuclear Reactor Analysis},
  author={Duderstadt, James J and Hamilton, Louis J.},
  year={1976},
  publisher={Wiley}
}
@BOOK{stacey,
	title     = {Nuclear Reactor Physics},
	author    = {Stacey, W. M.},
  	year      = {2007},
	publisher = {Wiley},
}

@book{marchuk1986numerical,
  title={Numerical Methods in the Theory of Neutron Transport},
  author={Marchuk, G. I. and Lebedev, V. I.},
  year={1986},
  publisher={Harwood Academic Pub.}
}

@book{lewis1993computational,
  title={Computational Methods of Neutron Transport},
  author={Lewis, E. E. and Miller, W. F.},
  year={1993},
  publisher={American Nuclear Society}
}

@BOOK{HagemanYoung1981,
        Author       = {Hageman, L. A. and Young, D. M.},
        Address      = {New York},
        Publisher    = {Academic Press},
        Title        = {Applied Iterative Methods},
        Year         = {1981},
}

@BOOK{Saad2003,
        Author       = {Saad, Y.},
        Publisher    = {Society for Industrial Mathematics},
        Title        = {Iterative methods for sparse linear systems},
        Year         = {2003},
}

@phdthesis{smith1979analytic,
  title={An analytic nodal method for solving the two-group, multidimensional, static and transient neutron diffusion equations},
  author={Smith, K. S.},
  year={1979},
  school={Massachusetts Institute of Technology}
}

@article{lawrence1986progress,
  title={Progress in nodal methods for the solution of the neutron diffusion and transport equations},
  author={Lawrence, R. D.},
  journal={Progress in Nuclear Energy},
  volume={17},
  number={3},
  pages={271--301},
  year={1986},
  publisher={Elsevier}
}


@BOOK{Ascher2008,
        Author       = {Ascher, U. M.},
        Publisher    = {Society for Industrial Mathematics},
        Title        = {Numerical methods for evolutionary differential equations},
        Year         = {2008},
}

@BOOK{LeVeque2007,
        Author       = {LeVeque, R. J.},
        Publisher    = {Society for Industrial Mathematics},
        Title        = {Finite difference methods for ordinary and partial differential equations. Steady-state and time-dependent problems},
        Year         = {2007},
}

@BOOK{HundsdorferVerwer2003,
        Author       = {Hundsdorfer, W. H. and Verwer, J. G.},
        Publisher    = {Springer Verlag},
        Title        = {Numerical solution of time-dependent advection-diffusion-reaction equations},
        Year         = {2003},
}

@book{HairerWanner2010,
  title={{Solving ordinary differential equations II: Stiff and differential-algebraic problems}},
  author={Hairer, E. and Wanner, G.},
  isbn={3642052207},
  year={2010},
  publisher={Springer Verlag}
}

@book{Butcher2008,
  title={{Numerical methods for ordinary differential equations}},
  author={Butcher, J. C.},
  isbn={0470723351},
  year={2008},
  publisher={Wiley}
}

@book{Samarskii, 
    author       = {Samarskii, A. A.},
    address      = {New York},
    publisher    = {Marcel Dekker},
    year         = {2001},
    title        = {The Theory of Difference Schemes}
}

@book{Samarskii2002,
 author = {Samarskii, A. A. and Matus, P. P. and Vabishchevich, P. N.},
 publisher = {Kluwer},
 title = {{Difference Schemes with Operator Factors}},
 year = {2002}
}

@book{fenics,
	title     = {Automated Solution of Differential Equations by the Finite Element Method: The FEniCS Book},
	author    = {Logg, A. and Mardal, K.A. and Wells, G.},
	isbn      = {9783642230998},
	series    = {Lecture Notes in Computational Science and Engineering},
	url       = {http://books.google.ru/books?id=ASWN\_VRr1NQC},
	year      = {2012},
	publisher = {Springer},
}
@MANUAL{gmsh,
	title  = {Gmsh Reference Manual},
	author = {Geuzaine, C. and Remacle, J.F.},
	year   = {2014},
}
@MANUAL{slepc,
	title  = {SLEPc Users Manual},	
	author = {Campos, C. and Roman, J.E. and Romero, E. and Tomas, A.},
	year   = {2013},
}
@BOOK{klimov,
	title     = {Ядерная физика и ядерные реакторы},
	author    = {Климов, А.Н.},
	lccn      = {72306637},
	url       = {http://books.google.ru/books?id=Rv9dHQAACAAJ},
	year      = {1971},
	publisher = {Атомиздат},
	language  = {russian},
}
@BOOK{marchuk,
	title     = {Численные методы в теории переноса нейтронов},
	author    = {Марчук, Г.И. and Лебедев, В.И.},
	url       = {http://books.google.ru/books?id=FOz7ngEACAAJ},
	year      = {1981},
	language  = {russian},
	publisher = {Атомиздат},
}
@BOOK{ganev,
	title     = {Физика и расчет реактора},
	author    = {Ганев, И.Х. and Доллежаль, Н.А.},
	lccn      = {82234662},
	url       = {http://books.google.ru/books?id=131gHAAACAAJ},
	year      = {1981},
	language  = {russian},
	publisher = {Энергоиздат},
}

@book{quarteroni2008numerical,
  title={Numerical approximation of partial differential equations},
  author={Quarteroni, A. and Valli, A.},
  year={2008},
  publisher={Springer}
}

@book{brenner2008mathematical,
  title={The mathematical theory of finite element methods},
  author={Brenner, S. C. and Scott, L. R.},
  year={2008},
  publisher={Springer}
}

@article{chao,
	title   = {Conformal mapping and hexagonal nodal methods-II: Implementation in the ANC-H Code.},
	author  = {Chao, Y.A. and Shatilla, Y.A.},
	journal = {Nuclear Science and Engineering},
	year    = {1995},
	volume  = {121},
	pages   = {210--225},
}
@article{hebert,
	title   = {Application of a dual variational formulation to finite element reactor calculations.},
	author  = {Hebert, A.},
	journal = {Annals of Nuclear Energy},
	year    = {1993},
	volume  = {20},
	pages   = {823--845},
}
@BOOKLET{gonzalez,
	title   = {Approximation of the Neutron Diffusion Equation on Hexagonal Geometries.},	
	author  = {Gonzalez-Pintor, S. and Verdu, G. and Ginestar, D.},	
	address = {New York},
	year    = {2009},
}
@book{kressner,
	title     = {Numerical Methods for General and Structured Eigenvalue Problems},
	author    = {Kressner, D.},
	isbn      = {9783540285021},
	series    = {Lecture Notes in Computational Science and Engineering},
	url       = {http://books.google.ru/books?id=j7kTw0wP8eIC},
	year      = {2006},
	publisher = {Springer}
}
@BOOK{zizin,
	title     = {Тестовые нейтронно-физические расчёты ядерных реакторов},
	author    = {Зизин М.Н., Шишков Л.К., Ярославцева Л.Н.},
	year      = {1980},
	publisher = {Атомиздат},
	language  = {russian},
}





@article{chou1990three,
  title={A three-dimensional space-time model and its use in pressurized water reactor rod ejection analyses},
  author={Chou, H. P. and Lu, J. R. and Chang, M. B.},
  journal={Nuclear Technology},
  volume={90},
  number={2},
  pages={142--154},
  year={1990},
  publisher={American Nuclear Society}
}

@article{dahmani20013d,
  title={A 3D nodal mixed dual method for nuclear reactor kinetics with improved quasistatic model and a semi-implicit scheme to solve the precursor equations},
  author={Dahmani, M. and Baudron, A. M. and Lautard, J. J. and Erradi, L.},
  journal={Annals of Nuclear Energy},
  volume={28},
  number={8},
  pages={805--824},
  year={2001},
  publisher={Elsevier}
}

@article{dodds1976accuracy,
  title={Accuracy of the quasistatic method for two-dimensional thermal reactor transients with feedback},
  author={Dodds Jr, H. L.},
  journal={Nuclear Science and Engineering},
  volume={59},
  number={3},
  pages={271--276},
  year={1976},
  publisher={American Nuclear Society}
}

@article{goluoglu2001time,
  title={A time-dependent, three-dimensional neutron transport methodology},
  author={Goluoglu, S. and Dodds, H. L.},
  journal={Nuclear science and engineering},
  volume={139},
  number={3},
  pages={248--261},
  year={2001},
  publisher={American Nuclear Society}
}

@article{sutton1996diffusion,
  title={Diffusion theory methods for spatial kinetics calculations},
  author={Sutton, T. M. and Aviles, B. N.},
  journal={Progress in nuclear energy},
  volume={30},
  number={2},
  pages={119--182},
  year={1996},
  publisher={Elsevier}
}

@article{cho2005fundamentals,
  title={Fundamentals and recent developments of reactor physics methods},
  author={Cho, Nam Zin},
  journal={Nuclear engineering and technology},
  volume={37},
  number={1},
  pages={25--78},
  year={2005},
  publisher={Korean Nuclear Society}
}

@article{grossman2007nodal,
  title={Nodal diffusion methods for space-time neutron kinetics},
  author={Grossman, L. M. and Hennart, J.-P.},
  journal={Progress in Nuclear Energy},
  volume={49},
  number={3},
  pages={181--216},
  year={2007},
  publisher={Elsevier}
}

@book{hetrick1971dynamics,
  title={Dynamics of Nuclear Reactors},
  author={Hetrick, D. L.},
  publisher = {University of Chicago Press},
  year={1971}
}

@article{woznicki1998numerical,
  title={The numerical analysis of eigenvalue problem solutions in the multigroup neutron diffusion theory},
  author={Wo{\'z}nicki, Z. I.},
  journal={Progress in Nuclear Energy},
  volume={33},
  number={3},
  pages={301--391},
  year={1998},
  publisher={Elsevier}
}

@book{quarteroni,
	title     = {Numerical Approximation of Partial Differential Equations},
	author    = {Quarteroni, A. and Valli, A.},
	year      = {2008},
	publisher = {Springer},
}

@book{Bell1970,
   title =     {Nuclear Reactor Theory},
   author =    {Bell, G. I. and Glasstone, S.},
   publisher = {Van Nostrand Reinhold Company},
   year =      {1970},
}
 
@article{modak2007scheme,
  title={A scheme for the evaluation of dominant time-eigenvalues of a nuclear reactor},
  author={Modak, R. S. and Gupta, A.},
  journal={Annals of Nuclear Energy},
  volume={34},
  number={3},
  pages={213--221},
  year={2007},
  publisher={Elsevier}
}

@article{verdu20103d,
  title={{3D} alpha modes of a nuclear power reactor},
  author={Verdu, G. and Ginestar, D. and Roman, J. and Vidal, V.},
  journal={Journal of Nuclear Science and Technology},
  volume={47},
  number={5},
  pages={501--514},
  year={2010},
  publisher={Taylor \& Francis}
}

@book{luikov2012analytical,
  title={Analytical Heat Diffusion Theory},
  author={Luikov, A.},
  year={1968},
  publisher={Academic Press}
}

@book{samarskii1996computational,
  title={Computational Heat Transfer},
  author={Samarskii, A. A. and Vabishchevich, P. N.},
  year={1996},
  publisher={Wiley}
}

@book{brenner,
	title     = {The Mathematical Theory of Finite Element Methods},
	author    = {Brenner, S. C. and Scott, R.},
	year      = {2008},
	publisher = {Springer},
}