@article{avvakumov2014,
  title     = {Metod konechnyh ehlementov dlya uravneniya diffuzii nejtronov v geksagonal'noj geometrii},
  author    = {Avvakumov, Alexander V. and Vabishchevich, Petr N. and Vasilev, Alexander O.},
  journal   = {Vestnik of North-Eastern Federal University},
  volume    = {11},
  number    = {5},
  year      = {2014},
  pages     = {7--18},
  publisher = {NEFU},
  language  = {russian},
}

@article{avvakumov2017spectral,
  title     = {Spectral properties of dynamic processes in a nuclear reactor},
  author    = {Avvakumov, Alexander V. and Strizhov, Valery F. and Vabishchevich, Petr N. and Vasilev, Alexander O.},
  journal   = {Annals of Nuclear Energy},
  volume    = {99},
  pages     = {68--79},
  year      = {2017},
  publisher = {Elsevier}
}

@book{azmy2010nuclear,
  title     = {Nuclear computational science: a century in review},
  author    = {Azmy, Yousry and Sartori, Enrico},
  year      = {2010},
  publisher = {Springer}
}

@article{beckert2008development,
  title     = {Development and verification of a nodal approach for solving the multigroup $\mathrm{SP_3}$ equations},
  author    = {Beckert, C and Grundmann, U},
  journal   = {Annals of Nuclear Energy},
  volume    = {35},
  number    = {1},
  pages     = {75--86},
  year      = {2008},
  publisher = {Elsevier}
}

@book{bell1970,
  title     = {Nuclear Reactor Theory},
  author    = {Bell, G. I. and Glasstone, S.},
  publisher = {Van Nostrand Reinhold Company},
  year      = {1970},
}

@article{brantley2000simplified,
  title     = {The simplified $\mathrm{P_3}$ approximation},
  author    = {Brantley, Patrick S and Larsen, Edward W},
  journal   = {Nuclear Science and Engineering},
  volume    = {134},
  number    = {1},
  pages     = {1--21},
  year      = {2000},
  publisher = {Taylor \& Francis}
}

@book{brenner2008,
  title     = {The mathematical theory of finite element methods},
  author    = {Brenner, S. C. and Scott, L. R.},
  year      = {2008},
  publisher = {Springer}
}

@article{chao1995,
  title     = {Conformal mapping and hexagonal nodal methods-{II}: Implementation in the {ANC-H Code}.},
  author    = {Chao, Y. A. and Shatilla, Y. A.},
  journal   = {Nuclear Science and Engineering},
  year      = {1995},
  volume    = {121},
  pages     = {210--225},
}

@article{downar2010theory,
  title     = {Theory Manual for the {PARCS} Kinetics Core Simulator Module},
  author    = {Downar, T and Xu, Y and Seker, V and Hudson, N},
  journal   = {Department of Nuclear Engineering and Radiological Sciences, University of Michigan},
  year      = {2010}
}

@article{gelbard1960application,
  title     = {Application of spherical harmonics method to reactor problems},
  author    = {Gelbard, Ely M},
  journal   = {Bettis Atomic Power Laboratory, West Mifflin, PA, Technical Report No. WAPD-BT-20},
  year      = {1960}
}

@techreport{gelbard1961simplified,
  title     = {Simplified spherical harmonics equations and their use in shielding problems},
  author    = {Gelbard, Ely M},
  year      = {1961},
  institution = {Westinghouse Electric Corp. Bettis Atomic Power Lab., Pittsburgh}
}

@techreport{gelbard1962applications,
  title     = {Applications of the simplified spherical harmonics equations in spherical geometry},
  author    = {Gelbard, Ely M},
  year      = {1962},
  institution = {Westinghouse Electric Corp. Bettis Atomic Power Lab., Pittsburgh}
}

@article{ginestar2002transient,
  title     = {A transient modal analysis of a {BWR} instability event},
  author    = {Ginestar, Damian and Miro, Rafael and Verdu, Gumersindo and Hennig, Dieter},
  journal   = {Journal of Nuclear Science and Technology},
  volume    = {39},
  number    = {5},
  pages     = {554--563},
  year      = {2002},
  publisher = {Taylor \& Francis}
}

@article{lawrence1986progress,
  title     = {Progress in nodal methods for the solution of the neutron diffusion and transport equations},
  author    = {Lawrence, R. D.},
  journal   = {Progress in Nuclear Energy},
  volume    = {17},
  number    = {3},
  pages     = {271--301},
  year      = {1986},
  publisher = {Elsevier}
}

@book{logg2012,
  title     = {Automated solution of differential equations by the finite element method: The {FEniCS} book},
  author    = {Logg, A. and Mardal, K.-A. and Wells, G.},
  volume    = {84},
  year      = {2012},
  publisher = {Springer Science \& Business Media}
}

@article{mcclarren2010theoretical,
  title     = {Theoretical aspects of the simplified $\mathrm{P_N}$ equations},
  author    = {McClarren, Ryan G},
  journal   = {Transport Theory and Statistical Physics},
  volume    = {39},
  number    = {2-4},
  pages     = {73--109},
  year      = {2010},
  publisher = {Taylor \& Francis}
}

@article{ryu2010development,
  title     = {Development of a {2-D} Simplified $\mathrm{P_3}$ FEM Solver for Arbitrary Geometry Applications},
  author    = {Ryu, Eun Hyun and Joo, Han Gyu},
  year      = {2010}
}

@book{stacey2007,
  title     = {Nuclear Reactor Physics},
  author    = {Stacey, W. M.},
  year      = {2007},
  publisher = {Wiley},
}

@article{stewart2002krylov,
  title     = {A {Krylov--Schur} algorithm for large eigenproblems},
  author    = {Stewart, G. W.},
  journal   = {SIAM Journal on Matrix Analysis and Applications},
  volume    = {23},
  number    = {3},
  pages     = {601--614},
  year      = {2001},
  publisher = {SIAM}
}

@article{tada2008applicability,
  title     = {Applicability of the diffusion and simplified $\mathrm{P_3}$ theories for pin-by-pin geometry of {BWR}},
  author    = {Tada, Kenichi and Yamamoto, Akio and Yamane, Yoshihiro and Kitamuray, Yasunori},
  journal   = {Journal of nuclear science and technology},
  volume    = {45},
  number    = {10},
  pages     = {997--1008},
  year      = {2008},
  publisher = {Taylor \& Francis}
}

@book{quarteroni2008,
  title     = {Numerical approximation of partial differential equations},
  author    = {Quarteroni, A. and Valli, A.},
  year      = {2008},
  publisher = {Springer},
}

@article{verdu20103d,
  title     = {{3D} alpha modes of a nuclear power reactor},
  author    = {Verdu, Gumersindo and Ginestar, Damian and Roman, Jose and Vidal, Vicente},
  journal   = {Journal of Nuclear Science and Technology},
  volume    = {47},
  number    = {5},
  pages     = {501--514},
  year      = {2010},
  publisher = {Taylor \& Francis}
}

@article{verdu2014modal,
  title     = {Modal decomposition method for {BWR} stability analysis using {A}lpha-modes},
  author    = {Verd{\'u}, G and Ginestar, D},
  journal   = {Annals of Nuclear Energy},
  volume    = {67},
  pages     = {31--40},
  year      = {2014},
  publisher = {Elsevier}
}