@book{weinan2011principles,
  title={Principles of Multiscale Modeling},
  author={Weinan, E.},
  year={2011},
  Address      = {Cambridge},
  publisher={Cambridge University Press}
}

@book{kuehn2015multiple,
  title={Multiple Time Scale Dynamics},
  author={Kuehn, Ch.},
  year={2015},
  Address      = {Cham},
  publisher={Springer}
}


@article{kreiss1992problems,
  title={Problems with different time scales},
  author={Kreiss, H.-O.},
  journal={Acta Numerica},
  volume={1},
  pages={101--139},
  year={1992},
}

@article{abdulle2012heterogeneous,
  title={The heterogeneous multiscale method},
  author={Abdulle, A. and Weinan, E. and Engquist, B. and Vanden-Eijnden, E.},
  journal={Acta Numerica},
  volume={21},
  pages={1--87},
  year={2012},
  publisher={Cambridge University Press}
}

@article{engquist2005heterogeneous,
  title={Heterogeneous multiscale methods for stiff ordinary differential equations},
  author={Engquist, B. and Tsai, Y.-H.},
  journal={Mathematics of Computation},
  volume={74},
  number={252},
  pages={1707--1742},
  year={2005}
}

@book{geisermulticomponent,
  title={Multicomponent and Multiscale Systems:
  Theory, Methods, and Applications in Engineering},
  author={Geiser, J.},
   year =      {2016},
  Address      = {Cham},
  publisher={Springer}
}

@INCOLLECTION{Marchuk1990,
        Author       = {Marchuk, G. I.},
        Editor       = {Ciarlet, P. G. and Lions, J.-L.},
        Booktitle    = {Handbook of Numerical Analysis, Vol. I},
        Pages        = {197-462},
        Publisher    = {North-Holland},
        Title        = {Splitting and alternating direction methods},
        Year         = {1990},
}

@BOOK{Vabishchevich2014, 
    author       = {Vabishchevich, P. N.},
    title        = {Additive Operator-Difference Schemes: Splitting Schemes},
    address      = {Berlin},
    publisher    = {de Gruyter},
    year         = {2014},
}

